% This file was created with JabRef 2.8.
% Encoding: Cp1252

@INPROCEEDINGS{Agirre2009,
  author = {Agirre, E. and Soroa, A.},
  title = {{Personalizing PageRank for Word Sense Disambiguation}},
  booktitle = {Proceedings of the 12th Conference of the European Chapter of the
	Association for Computational Linguistics},
  year = {2009},
  pages = {33-41},
  owner = {hp},
  timestamp = {2010.05.06}
}

@comment{jabref-meta: selector_publisher:}

@comment{jabref-meta: selector_author:}

@comment{jabref-meta: selector_journal:}

@comment{jabref-meta: selector_keywords:}

